@misc{moon2019deconfined,
      title={Deconfined Thermal Phase Transitions with $\mathbb{Z}_2$ Gauge Structures}, 
      author={Eun-Gook Moon},
      year={2019},
      eprint={1812.05621},
      archivePrefix={arXiv},
      primaryClass={cond-mat.str-el}
}

@article{orthogonal_metal,
   title={Orthogonal metals: The simplest non-Fermi liquids},
   volume={86},
   ISSN={1550-235X},
   url={http://dx.doi.org/10.1103/PhysRevB.86.045128},
   DOI={10.1103/physrevb.86.045128},
   number={4},
   journal={Physical Review B},
   publisher={American Physical Society (APS)},
   author={Nandkishore, Rahul and Metlitski, Max A. and Senthil, T.},
   year={2012},
   month={Jul}
}
